=LDR  01767 am a22004573  4500
=001  018682169
=003  Uk
=005  20210625182146.0
=007  cr\mn\024mpada
=008  900625s1918\\\\it\\\\\|s\\\\\|||\p|ita\\
=FMT  \\$a  BK
=019  x\$a1300110244
=040  \\$aUk$cUk
=100  1\$aGovoni, Corrado,$d1884-1965,$eauthor.
=245  10$aPoesie scelte, 1903-1918 /$cCorrado Govoni.
=264  \1$aFerrara :$bA. Taddei & Figli,$c1918.
=300  \\$axviii, 359 pages ;$c(8º)
=336  \\$atext$2rdacontent
=337  \\$acomputer$2rdamedia
=338  \\$aonline$2rdacarrier
=856  41$uhttp://books.google.co.uk/books?vid=BL:A0018360234$yGoogle_Books
=859  \\$aXLD$bGOOGLEBOOKS
=883  0\$aLanguage codes assigned by Bayesian analysis of words present in record$d20181024$qUk$c0.997
=852  4\$cDRT$jDigital Store 11436.d.38.$aBritish Library$bHMNTS
=985  \\$aUpgraded by BSS-generated file for WR1910-0531
=CAT  \\$aBATCH-DCW$b00$c20180115$lBLL01$h1713
=CAT  \\$a1805-0738$c20190111$lBLL01$h1808
=CAT  \\$a1805-0738$b00$c20190111$lBLL01$h1829
=CAT  \\$aW1903-1550$b00$c20190614$lBLL01$h1914
=CAT  \\$aW1910-0531$b00$c20191108$lBLL01$h1850
=CAT  \\$a9477$b40$c20210618$lBLL01$h1519
=CAT  \\$a9477$b40$c20210618$lBLL01$h1522
=CAT  \\$aW2001-2376$c20210625$lBLL01$h1821
=FIN  \\$aY$d20180115
=LKR  \\$aPAR$lBLL01$r776$b001478037$mPoesie scelte, 1903-1918 /$nPoesie scelte, 1903-1918 /
=DGM  \\$a001478037$bCatBridge variable field
=DRT  \\$aGOOGLEBOOKS
=SRC  \\$aGOOGLEBOOKS$bGoogleBooks_20180115
=STA  \\$aSUPPRESSED$bDigitised in error; Publication date out of scope for BL-GoogleBooks project at present.
=OHC  \\$a1
=LAS  \\$aW2001-2376$b00$c20210625$lBLL01$h1821

