=LDR  01397 am a22004093  4500
=001  017939224
=003  Uk
=005  20190122144527.0
=007  cr\mn\024mpada
=008  871210s1931\\\\my\\\\\\s\\\\||||\||may\\
=FMT  \\$a  BK
=040  \\$aUk$beng$cUk$erda
=245  00$aMunajat :$bMusa alaihi assalam /$cdiMelayukan dari bahasa Arab oleh Haji Kasim.
=264  \1$aPenang, Malaysia :$bUnited Press,$c[1931?]
=300  \\$a33 pages ;$c18 cm
=336  \\$atext$2rdacontent
=337  \\$acomputer$2rdamedia
=338  \\$aonline$2rdacarrier
=500  \\$aIn Jawi script.
=650  \0$aIslamic literature, Malay.
=700  0\$aKasim$fHaji,$etranslator.
=859  \\$aXLD$bGOOGLEBOOKS
=856  41$uhttp://books.google.com/books?vid=BL:A0021507174$yGoogle_Books
=852  4\$aBritish Library$bOC$cDRT$jDigital Store 14620.ee.28.
=CAT  \\$aBATCH-DCW$b00$c20160721$lBLL01$h0201
=CAT  \\$aWR14_057$b00$c20170504$lBLL01$h1844
=CAT  \\$aR1710-0956$b00$c20171102$lBLL01$h1902
=CAT  \\$a8874$b40$c20171214$lBLL01$h0814
=CAT  \\$aBATCH-UPD$b40$c20171215$lBLL01$h1351
=CAT  \\$a10932$b40$c20190122$lBLL01$h1445
=FIN  \\$aY$d20160721
=DGM  \\$a000332584$bCatBridge variable field
=DRT  \\$aGOOGLEBOOKS
=SRC  \\$aGOOGLEBOOKS$bGoogleBooks_20160720
=STA  \\$aSUPPRESSED$bStill in copyright
=OHC  \\$a1
=LAS  \\$a10932$b40$c20190122$lBLL01$h1445

