=LDR  01835 am a22004933  4500
=001  017970456
=003  Uk
=005  20200626191214.0
=007  cr\mn\024mpada
=008  890203s1895\\\\be\\\\\|s\\\\||||\||fre\\
=FMT  \\$a  BK
=019  x\$a1653700238
=040  \\$aUk$cUk
=245  02$aL'Imitation de Jésus-Christ. Traduction nouvelle, avec des réflexions à la fin de chaque chapitre par F. de Lamennais. Suivie des prières durant la sainte messe.
=264  \1$aBraine-le-Comte,$c[1895]
=300  \\$a348 pages ;$c(32º)
=336  \\$atext$2rdacontent
=337  \\$acomputer$2rdamedia
=338  \\$aonline$2rdacarrier
=600  00$aJesus Christ.
=740  0\$aDe Imitatione Christi. French
=700  1\$aROBERT DE LA MENNAIS, Hugues Félicité.
=859  \\$aXLD$bGOOGLEBOOKS
=856  41$uhttp://books.google.com/books?vid=BL:A0021479446$yGoogle_Books
=852  4\$cDRT$jDigital Store IX.Fren.22.$aBritish Library$bHMNTS
=985  \\$aCorrected by MS generated file for WR# 1805-0738
=CAT  \\$aBATCH-DCW$b00$c20160810$lBLL01$h0203
=CAT  \\$aBATCH-UPD$b00$c20160810$lBLL01$h0206
=CAT  \\$a8874$b40$c20160826$lBLL01$h1309
=CAT  \\$a8874$b40$c20160826$lBLL01$h1328
=CAT  \\$aWR14_057$b00$c20170504$lBLL01$h1845
=CAT  \\$aR1710-0956$b00$c20171102$lBLL01$h1902
=CAT  \\$a1805-0738$c20190104$lBLL01$h1833
=CAT  \\$a1805-0738$b00$c20190104$lBLL01$h1912
=CAT  \\$a9477$b40$c20190125$lBLL01$h1236
=CAT  \\$a10932$b40$c20190205$lBLL01$h0858
=CAT  \\$aW2001-2376$c20200626$lBLL01$h1912
=FIN  \\$aY$d20160810
=DGM  \\$a001872887$bCatBridge variable field
=DRT  \\$aGOOGLEBOOKS
=SRC  \\$aGOOGLEBOOKS$bGoogleBooks_20160809
=STA  \\$aSUPPRESSED$bPast copyright date cut off
=OHC  \\$a1
=LAS  \\$aW2001-2376$b00$c20200626$lBLL01$h1912

