=LDR  01715 am a22004573  4500
=001  018157008
=003  Uk
=005  20190122144257.0
=007  cr\mn\024mpada
=008  890817s1936\\\\enk\\\\\s\\\\\|||\||eng\\
=FMT  \\$a  BK
=019  x\$a2384370057
=040  \\$aUk$cUk$dUk
=100  1\$aMottram, R. H.$q(Ralph Hale),$d1883-1971.
=245  14$aThe Norwich Players /$cby R. H. Mottram, etc.
=260  \\$aNorwich :$bA. E. Soman & Co.,$c[ca. 1936]
=300  \\$a24 p. :$bplate ;$c23 cm.
=336  \\$atext$2rdacontent
=337  \\$acomputer$2rdamedia
=338  \\$aonline$2rdacarrier
=501  \\$aCopy at X.909/85083. With a theatre programme for The Fighting Bishop by R.A. Edwards performed September 18th to 25th, 1950.$5Uk
=610  20$aNorwich Players (Norwich, England)
=859  \\$aXLD$bGOOGLEBOOKS
=886  2\$2blmarc$a709$b00$aMOTTRAM$hRalph Hale$pX.909/85083.$x2283020298
=856  41$uhttp://books.google.com/books?vid=BL:A0021955824$yGoogle_Books
=852  4\$cDRT$jDigital Store X.909/85083.$aBritish Library$bHMNTS
=985  \\$aCorrected by MS generated file for WR# 11/211
=CAT  \\$aBATCH-DCW$b00$c20161223$lBLL01$h0203
=CAT  \\$aWR14_057$b00$c20170504$lBLL01$h1851
=CAT  \\$aR1710-0956$b00$c20171108$lBLL01$h1744
=CAT  \\$a8874$b40$c20180326$lBLL01$h0752
=CAT  \\$a8874$b40$c20180326$lBLL01$h0753
=CAT  \\$a8874$b40$c20180326$lBLL01$h0755
=CAT  \\$a10932$b40$c20190122$lBLL01$h1442
=FIN  \\$aY$d20161223
=DGM  \\$a002676613$bCatBridge variable field
=DRT  \\$aGOOGLEBOOKS
=SRC  \\$aGOOGLEBOOKS$bGoogleBooks_20161222
=STA  \\$aSUPPRESSED$bStill in copyright
=OHC  \\$a1
=LAS  \\$a10932$b40$c20190122$lBLL01$h1442

