=LDR  02136 am a22004933  4500
=001  018319486
=003  Uk
=005  20200626192112.0
=007  cr\mn\024mpada
=008  891031s1907\\\\|||\\\\|s\\\\||||\||srp\\
=FMT  \\$a  BK
=019  x\$a3112870077
=040  \\$aUk$cUk$dUk
=100  1\$aSTANOJEVIĆ, M. St.
=245  10$aОмладина у садашњости. Њен приватан живот.-Њена књижевност.-Њена политика..
=264  \1$aБеоград,$c1907.
=300  \\$aviii, 120 pages ;$c(8º)
=336  \\$atext$2rdacontent
=337  \\$acomputer$2rdamedia
=338  \\$aonline$2rdacarrier
=859  \\$aXLD$bGOOGLEBOOKS
=856  41$uhttp://books.google.com/books?vid=BL:A0022226745$yGoogle_Books
=883  0\$aLanguage codes assigned by Bayesian analysis of words present in record$d20181024$qUk$c0.997
=852  4\$aBritish Library$bHMNTS$cDRT$jDigital Store 8027.b.3.
=985  \\$aCorrected by MS generated file for WR# 11/211
=985  \\$aCorrected by MS generated file for WR# 1805-0738
=CAT  \\$aBATCH-DCW$b00$c20170429$lBLL01$h0204
=CAT  \\$aWR14_057$b00$c20170504$lBLL01$h1855
=CAT  \\$a8250$b40$c20171120$lBLL01$h1152
=CAT  \\$aR1710-0956$b00$c20171120$lBLL01$h1718
=CAT  \\$a9477$b40$c20171121$lBLL01$h0950
=CAT  \\$a8250$b40$c20171121$lBLL01$h1031
=CAT  \\$a1805-0738$c20190111$lBLL01$h1759
=CAT  \\$a1805-0738$b00$c20190111$lBLL01$h1823
=CAT  \\$aW1903-1550$b00$c20190614$lBLL01$h1912
=CAT  \\$aW2001-2376$c20200626$lBLL01$h1921
=FIN  \\$aY$d20170429
=LKR  \\$aPAR$lBLL01$r776$b003479281$mОмладина у садашњости. Њен приватан живот.-Њена књижевност.-Њена политика..$nОмладина у садашњости. Њен приватан живот.-Њена књижевност.-Њена политика..
=DGM  \\$a003479281$bCatBridge variable field
=DRT  \\$aGOOGLEBOOKS
=SRC  \\$aGOOGLEBOOKS$bGoogleBooks_20170428
=STA  \\$aSUPPRESSED$bIn copyright
=OHC  \\$a1
=LAS  \\$aW2001-2376$b00$c20200626$lBLL01$h1921

