=LDR  01482 am a22004213  4500
=001  016805663
=003  Uk
=005  20200626184204.0
=007  cr\mn\024mpada
=008  881103|1883|||||||\\\\|s\\\\\|||\||eng\\
=FMT  \\$a  BK
=019  x\$a0251690334
=040  \\$aUk$cUk
=100  1\$aBENNETT, Henry Leigh.
=245  12$aA Memoir of the Life of James Ross of Thryberg ... Reprinted from the Rotherham Advertiser, etc.
=264  \1$aRotherham :$bGarnett & Whitehead,$c[1883]
=300  \\$a6 pages ;$c(8º)
=336  \\$atext$2rdacontent
=337  \\$acomputer$2rdamedia
=338  \\$aonline$2rdacarrier
=856  41$uhttp://books.google.com/books?vid=BL:A0018032089$yGoogle_Books
=859  \\$aXLD$bGOOGLEBOOKS
=852  4\$aBritish Library$bHMNTS$cDRT$jDigital Store 10601.aaa.25.(2.)
=985  \\$aUpgraded by BSS-generated file for WR1910-0531
=CAT  \\$aBATCH-DCW$b00$c20140801$lBLL01$h0203
=CAT  \\$a6550$b40$c20180202$lBLL01$h0744
=CAT  \\$a1805-0738$c20181228$lBLL01$h1844
=CAT  \\$a1805-0738$b00$c20181228$lBLL01$h1927
=CAT  \\$a10932$b40$c20190205$lBLL01$h1150
=CAT  \\$aW1910-0531$b00$c20200417$lBLL01$h1848
=CAT  \\$aW2001-2376$c20200626$lBLL01$h1842
=FIN  \\$aY$d20140801
=DGM  \\$a001515615$bCatBridge variable field
=DRT  \\$aGOOGLEBOOKS
=SRC  \\$aGOOGLEBOOKS$bGoogleBooks_20140731
=STA  \\$aSUPPRESSED$bPast copyright date cut off
=OHC  \\$a1
=LAS  \\$aW2001-2376$b00$c20200626$lBLL01$h1842

