=LDR  02170 am a22004813  4500
=001  016905346
=003  Uk
=005  20150213112454.0
=007  cr\mn\024mpada
=008  960905|1854||||enk\\\\|s\\\\||||\||eng\\
=FMT  \\$a  BK
=019  x\$a2841180190
=040  \\$aUk$cUk
=245  14$aThe ruin of Rome and Russia, in the last great conflict with Turkey and the northern nations of Europe /$cby the author of "The coming conflict", etc.
=260  \\$aLondon :$bPartridge & Oakey,$c1854.
=300  \\$a48 p. ;$c18 cm.
=336  \\$atext$2rdacontent
=337  \\$acomputer$2rdamedia
=338  \\$aonline$2rdacarrier
=710  1\$aRussia.$tAppendix. History and Politics
=710  2\$aCatholic Church.$tAppendix.
=856  41$uhttp://books.google.com/books?vid=BL:A0017155978$yGoogle_Books
=886  2\$2blmarc$a709$b00$aROME, Church of$tAppendix$p3186.a.27.$x2804040305
=886  2\$2blmarc$a709$b00$aRUSSIA$tAppendix$tHistory and Politics$p3186.a.27.$x285384028X
=859  \\$aXLD$bGOOGLEBOOKS
=852  4\$cDRT$jDigital Store 3186.a.27.$aBritish Library$bHMNTS
=985  \\$aCorrected by BSS-generated file for WR# 11/211
=985  \\$aEnhanced by MS generated file for WR# 12/139
=CAT  \\$aBATCH-DCW$b00$c20141025$lBLL01$h0202
=CAT  \\$a8874$b40$c20141208$lBLL01$h0712
=CAT  \\$a6550$b40$c20150213$lBLL01$h1124
=CAT  \\$aBATCH-UPD$b40$c20151012$lBLL01$h0744
=CAT  \\$aWR15_122$c20151024$lBLL01$h1907
=CAT  \\$aBATCH-DCW$b00$c20151210$lBLL01$h1834
=FIN  \\$aY$d20141025
=LKR  \\$aPAR$lBLL01$r776$b003187183$mThe ruin of Rome and Russia, in the last great conflict with Turkey and the northern nations of Europe. By the author of "The coming conflict", etc.$nThe ruin of Rome and Russia, in the last great conflict with Turkey and the northern nations of Europe. By the author of "The coming conflict", etc.
=DGM  \\$a003187183$bCatBridge variable field
=DRT  \\$aGOOGLEBOOKS
=SRC  \\$aGOOGLEBOOKS$bGoogleBooks_20141024
=SRC  \\$aGOOGLEBOOKS$bGoogleBooks_20141024_2
=STA  \\$aSUPPRESSED$bWrong item digitised
=OHC  \\$a1
=LAS  \\$aBATCH-DCW$b00$c20151210$lBLL01$h1834

