=LDR  01667 am a2200457 a 4500
=001  016951817
=003  Uk
=005  20190205085548.0
=007  cr\mn\024mpada
=008  881208s1898\\\\gw\a\\\|s\\\\\0||\0|ger\\
=FMT  \\$a  BK
=019  x\$a121319007X
=035  \\$a(OCoLC)18554286
=040  \\$aDLC$beng$cEEM$dEEM$dFDA$dOCLCQ$dNLGGC$dOCLCG$dKRTAS$dAMAZN$dGBVCP$dOCLCO$dOCLCF$dOCLCQ
=043  \\$aa-ce---
=082  \4$a915.489
=100  1\$aGeiger, Wilhelm,$d1856-1943.
=245  10$aCeylon$h[electronic resource] :$bTagebuchblätter und Reiseerinnerungen /$cvon Wilhelm Geiger ... mit 23 Abbildungen nach Originalaufnahmen.
=260  \\$aWiesbaden :$bC.W. Kreidel,$c1898.
=300  \\$axi, 213 pages :$billustrations ;$c28 cm
=336  \\$atext$2rdacontent
=337  \\$acomputer$2rdamedia
=338  \\$aonline$2rdacarrier
=651  \0$aSri Lanka$xDescription and travel.
=752  \\$aGermany$dWiesbaden.
=856  41$uhttp://books.google.com/books?vid=BL:A0017620474$yGoogle_Books
=859  \\$aXLD$bGOOGLEBOOKS
=852  4\$cDRT$jDigital Store 010055.i.9.$aBritish Library$bHMNTS
=CAT  \\$aBATCH-DCW$b00$c20141123$lBLL01$h0201
=CAT  \\$a11837$b40$c20150109$lBLL01$h1049
=CAT  \\$a11837$b40$c20150217$lBLL01$h1600
=CAT  \\$aWR15_122$c20151024$lBLL01$h1910
=CAT  \\$aBATCH-UPD$b00$c20170911$lBLL01$h1534
=CAT  \\$a10932$b40$c20190205$lBLL01$h0855
=FIN  \\$aY$d20150109
=DGM  \\$a001384029$bCatBridge variable field
=DRT  \\$aGOOGLEBOOKS
=SRC  \\$aGOOGLEBOOKS$bGoogleBooks_20141122
=STA  \\$aSUPPRESSED$bPast copyright date cut off
=OHC  \\$a1
=LAS  \\$a10932$b40$c20190205$lBLL01$h0855

