=LDR  01315 am a2200397ui 4500
=001  016958533
=003  Uk
=005  20190205090032.0
=007  cr\mn\024mpada
=008  891204s1890\\\\enk\\\\\s\\\\\000\1\eng\\
=FMT  \\$a  BK
=019  x\$a2680620321
=040  \\$aUk$cUk$dUk
=100  1\$aAlger, Horatio,$cJr.,$d1832-1899.
=245  10$aJack's ward, or, The boy guardian.
=260  \\$aLondon :$bAldine Publishing Company :$bHenry Vickers,$c[1890?]
=300  \\$a192 p. ;$c16 cm.
=336  \\$atext$2rdacontent
=337  \\$acomputer$2rdamedia
=338  \\$aonline$2rdacarrier
=490  0\$aGarfield library ;$vno. 11
=500  \\$aAnonymous. By Horatio Alger.
=856  41$uhttp://books.google.com/books?vid=BL:A0017460555$yGoogle_Books
=859  \\$aXLD$bGOOGLEBOOKS
=852  4\$aBritish Library$bHMNTS$cDRT$jDigital Store 012611.de/11.
=CAT  \\$aBATCH-DCW$b00$c20141128$lBLL01$h0201
=CAT  \\$aWR15_122$c20151024$lBLL01$h1910
=CAT  \\$a6550$b40$c20170126$lBLL01$h1300
=CAT  \\$a10932$b40$c20190205$lBLL01$h0900
=FIN  \\$aY$d20141128
=DGM  \\$a003013343$bCatBridge variable field
=DRT  \\$aGOOGLEBOOKS
=SRC  \\$aGOOGLEBOOKS$bGoogleBooks_20141127
=STA  \\$aSUPPRESSED$bPast copyright date cut off
=OHC  \\$a1
=LAS  \\$a10932$b40$c20190205$lBLL01$h0900

