=LDR  01358 am a22004093  4500
=001  016959384
=003  Uk
=005  20190205085652.0
=007  cr\mn\024mpada
=008  980818s1898\\\\enk\\\\\s\\\\\000\1\eng\\
=FMT  \\$a  BK
=019  x\$a2533370339
=040  \\$aUk$cUk
=245  00$aPaddle your own canoe, or, "Harry Raymond's resolve."
=260  \\$aLondon :$bThe Aldine Publishing Company,$c[1898?]
=300  \\$a190 pages.
=336  \\$atext$2rdacontent
=337  \\$acomputer$2rdamedia
=338  \\$aonline$2rdacarrier
=490  0\$aGarfield library ;$vno. 5
=856  41$uhttp://books.google.com/books?vid=BL:A0017460562$yGoogle_Books
=859  \\$aXLD$bGOOGLEBOOKS
=852  4\$aBritish Library$bHMNTS$cDRT$jDigital Store 012611.de/5.
=CAT  \\$aBATCH-DCW$b00$c20141129$lBLL01$h0201
=CAT  \\$aWR15_122$c20151024$lBLL01$h1911
=CAT  \\$a8874$b40$c20170127$lBLL01$h0752
=CAT  \\$a8874$b40$c20170127$lBLL01$h0757
=CAT  \\$a8874$b40$c20170127$lBLL01$h0802
=CAT  \\$a9477$b40$c20190125$lBLL01$h1152
=CAT  \\$a10932$b40$c20190205$lBLL01$h0856
=FIN  \\$aY$d20141129
=DGM  \\$a018191878$bCatBridge variable field
=DRT  \\$aGOOGLEBOOKS
=SRC  \\$aGOOGLEBOOKS$bGoogleBooks_20141128
=STA  \\$aSUPPRESSED$bPast copyright date cut off
=OHC  \\$a1
=LAS  \\$a10932$b40$c20190205$lBLL01$h0856

