=LDR  01485 am a22004333  4500
=001  016959443
=003  Uk
=005  20190205090135.0
=007  cr\mn\024mpada
=008  040128s1890\\\\enk\\\\\s\\\\\000\1\eng\\
=FMT  \\$a  BK
=019  x\$a3062420049
=040  \\$aUk$cUk$dUk
=100  1\$aAlger, Horatio,$cJr.,$d1832-1899.
=245  10$aDo and dare, or, A brave boy's fight for fortune.
=260  \\$aLondon :$bAldine Publishing Company :$bHenry Vickers,$c[1890?]
=300  \\$a191 pages ;$c16 cm.
=336  \\$atext$2rdacontent
=337  \\$acomputer$2rdamedia
=338  \\$aonline$2rdacarrier
=490  0\$aGarfield library ;$vno. 13
=856  41$uhttp://books.google.com/books?vid=BL:A0017460556$yGoogle_Books
=859  \\$aXLD$bGOOGLEBOOKS
=852  4\$aBritish Library$bHMNTS$cDRT$jDigital Store 012611.de/13.
=CAT  \\$aBATCH-DCW$b00$c20141129$lBLL01$h0201
=CAT  \\$aBATCH-UPD$b00$c20141129$lBLL01$h0204
=CAT  \\$aWR15_122$c20151024$lBLL01$h1911
=CAT  \\$a8874$b40$c20170127$lBLL01$h0819
=CAT  \\$a8874$b40$c20170127$lBLL01$h0822
=CAT  \\$a8874$b40$c20170127$lBLL01$h0825
=CAT  \\$a9477$b40$c20190125$lBLL01$h1310
=CAT  \\$a10932$b40$c20190205$lBLL01$h0901
=FIN  \\$aY$d20141129
=DGM  \\$a018191882$bCatBridge variable field
=DRT  \\$aGOOGLEBOOKS
=SRC  \\$aGOOGLEBOOKS$bGoogleBooks_20141128
=STA  \\$aSUPPRESSED$bPast copyright date cut off
=OHC  \\$a1
=LAS  \\$a10932$b40$c20190205$lBLL01$h0901

