=LDR  01449 am a22004333  4500
=001  016959452
=003  Uk
=005  20190205115019.0
=007  cr\mn\024mpada
=008  900426s1890\\\\enk\\\\\s\\\\\000\1\eng\\
=FMT  \\$a  BK
=019  x\$a3131390085
=040  \\$aUk$cUk$dUk
=100  1\$aAlger, Horatio,$cJr.,$d1832-1899.
=245  10$aStrong and steady, a tale of self-help.
=260  \\$aLondon :$bAldine Pub. Co.,$c[1890?]
=300  \\$a189 pages ;$c16 cm.
=336  \\$atext$2rdacontent
=337  \\$acomputer$2rdamedia
=338  \\$aonline$2rdacarrier
=490  0\$aGarfield library ;$vno. 18
=856  41$uhttp://books.google.com/books?vid=BL:A0017460559$yGoogle_Books
=859  \\$aXLD$bGOOGLEBOOKS
=852  4\$aBritish Library$bHMNTS$cDRT$jDigital Store 012611.de/18.
=CAT  \\$aBATCH-DCW$b00$c20141129$lBLL01$h0201
=CAT  \\$aBATCH-UPD$b00$c20141129$lBLL01$h0204
=CAT  \\$aWR15_122$c20151024$lBLL01$h1911
=CAT  \\$a8874$b40$c20170127$lBLL01$h0828
=CAT  \\$a8874$b40$c20170127$lBLL01$h0834
=CAT  \\$a9477$b40$c20190125$lBLL01$h1241
=CAT  \\$a10932$b40$c20190205$lBLL01$h1139
=CAT  \\$a10932$b40$c20190205$lBLL01$h1150
=FIN  \\$aY$d20141129
=DGM  \\$a018191888$bCatBridge variable field
=DRT  \\$aGOOGLEBOOKS
=SRC  \\$aGOOGLEBOOKS$bGoogleBooks_20141128
=STA  \\$aSUPPRESSED$bPast copyright date cut off
=OHC  \\$a1
=LAS  \\$a10932$b40$c20190205$lBLL01$h1150

