=LDR  01529 am a22004453  4500
=001  016960217
=003  Uk
=005  20190205085931.0
=007  cr\mn\024mpada
=008  890920q18901899enk\\\\\s\\\\\000\1\eng\\
=FMT  \\$a  BK
=019  x\$a2482200016
=040  \\$aUk$cUk$dUk
=100  1\$aAlger, Horatio,$cJr.,$d1832-1899.
=245  10$aSam's chance and what he made of it.
=246  14$aSam's chance
=264  \1$aLondon :$bAldine Publishing Company ;$bHenry Vickers,$c[between 1890 and 1899?]
=300  \\$a192 pages ;$c15 cm.
=336  \\$atext$2rdacontent
=337  \\$acomputer$2rdamedia
=338  \\$aonline$2rdacarrier
=490  0\$aGarfield library ;$vno. 8
=856  41$uhttp://books.google.com/books?vid=BL:A0017460563$yGoogle_Books
=859  \\$aXLD$bGOOGLEBOOKS
=852  4\$cDRT$jDigital Store 012611.de.8.$aBritish Library$bHMNTS
=985  \\$aCorrected by BSS-generated file for WR# 11/211
=985  \\$aRecord amended for WR# 13/070
=CAT  \\$aBATCH-DCW$b00$c20141130$lBLL01$h0938
=CAT  \\$aWR15_122$c20151024$lBLL01$h1911
=CAT  \\$aBATCH-UPD$b00$c20160915$lBLL01$h2044
=CAT  \\$a8874$b40$c20170127$lBLL01$h0806
=CAT  \\$a8874$b40$c20170127$lBLL01$h0809
=CAT  \\$a10932$b40$c20190205$lBLL01$h0859
=FIN  \\$aY$d20141130
=DGM  \\$a002784873$bCatBridge variable field
=DRT  \\$aGOOGLEBOOKS
=SRC  \\$aGOOGLEBOOKS$bGoogleBooks_20141129
=STA  \\$aSUPPRESSED$bPast copyright date cut off
=OHC  \\$a1
=LAS  \\$a10932$b40$c20190205$lBLL01$h0859

