=LDR  03384 am a22004933  4500
=001  016960480
=003  Uk
=005  20190205153852.0
=007  cr\mn\024mpada
=008  890222m18791889ru\\\\\|s\\\\||||\||rus\\
=FMT  \\$a  BK
=040  \\$aUk$cUk$dUk
=041  0\$arus$afre$aita
=245  00$a[8 pamphlets].
=264  \\$aМосква ;$aBeaune ;$aTorino ;$aParis,$c1879-1889.
=300  \\$a1 volume
=336  \\$atext$2rdacontent
=337  \\$acomputer$2rdamedia
=338  \\$aonline$2rdacarrier
=500  \\$aTitle devised by cataloguer.
=505  0\$aПодвиги pусскихъ : переходъ черезъ Дунай въ 1877 г. / В. Г. Съ картою и рисунками -- Исторія Россіи : наглядное чтеніе, для дѣтей -- Карсъ : турецкая крѣпость и взятіе ее , въ третій разъ, штурмомъ, русскими войсками 7-го ноября 1877 года -- Низверженный Мамай, или, Храбрый и могучій Великій Князь Дмитрій Ивановичъ Донской : историческій очеркъ изъ жизни четырнадцатаго вѣка -- Le Roi Henri II à Beaune en 1548 et la cavalcade historique en 1888 (Beaune) -- Una relazione sconosciuta di Angelo Poliziano colla Corte di Milano / Ferdinando Gabotto (Torino) -- Les 5 et 6 octobre / par Maxime de la Rocheterie. Quatrième édition (Paris).
=856  41$uhttp://books.google.co.uk/books?vid=BL:A0017663771$yGoogle_Books
=859  \\$aXLD$bGOOGLEBOOKS
=852  4\$cDRT$jDigital Store 9004.bbb.12.$aBritish Library$bHMNTS
=CAT  \\$aBATCH-DCW$b00$c20141201$lBLL01$h0201
=CAT  \\$aWR15_122$c20151024$lBLL01$h1911
=CAT  \\$a6550$b40$c20170321$lBLL01$h1055
=CAT  \\$a10932$b40$c20190205$lBLL01$h1155
=CAT  \\$a9477$b40$c20190205$lBLL01$h1451
=CAT  \\$a9477$b40$c20190205$lBLL01$h1538
=FIN  \\$aY$d20141201
=LKR  \\$aPAR$b001346319$lBLL01$m[8 pamphlets].$nПодвиги русскихъ : переходъ черезъ Дунай въ 1877 г. /
=LKR  \\$aPAR$b003205088$lBLL01$m[8 pamphlets].$nИсторія Россіи : наглядное чтеніе, для дѣтей.
=LKR  \\$aPAR$b001930776$lBLL01$m[8 pamphlets].$nКарсъ : турецкая крѣпость и взятіе ее, въ третій разъ, штурмомъ, русскими войсками 7-го ноября 1877 года.
=LKR  \\$aPAR$b002359440$lBLL01$m[8 pamphlets].$nНизверженный Мамай, или, Храбрый и могучій Великій Князь Дмитрій Ивановичъ Донской : историческій очеркъ изъ жизни четырнадцатаго вѣка.
=LKR  \\$aPAR$b000138259$lBLL01$m[8 pamphlets].$nLe Roi Henri II à Beaune en 1548 et la cavalcade historique en 1888 /
=LKR  \\$aPAR$b001347270$lBLL01$m[8 pamphlets].$nUna relazione sconosciuta di Angelo Poliziano colla Corte di Milano /
=LKR  \\$aPAR$b002079012$lBLL01$m[8 pamphlets].$nLes 5 et 6 octobre /
=DGM  \\$a001346319$bCatBridge variable field
=DRT  \\$aGOOGLEBOOKS
=SRC  \\$aGOOGLEBOOKS$bGoogleBooks_20141130
=STA  \\$aSUPPRESSED$bPast copyright date cut off
=OHC  \\$a1
=LAS  \\$a9477$b40$c20190205$lBLL01$h1538

