=LDR  01961cam a22005055a 4500
=001  016978111
=003  Uk
=005  20220926105041.0
=007  cr\mn\024mpada
=008  890220|1906|||||||\\\\||\\\\\|||\||rus\\
=FMT  \\$a  BK
=019  x\$a1773370235
=040  \\$aUk$cUk
=100  1\$aKOLOKOL'NIKOVA, V.
=245  10$aОчерки Афганистана, Белуджистана и Персіи..
=264  \1$aМосква,$c1906.
=300  \\$a118 pages ;$c(8º)
=336  \\$atext$2rdacontent
=337  \\$acomputer$2rdamedia
=338  \\$aonline$2rdacarrier
=856  41$uhttp://books.google.com/books?vid=BL:A0017814742$yGoogle_Books
=859  \\$aXLD$bGOOGLEBOOKS
=883  0\$aLanguage codes assigned by Bayesian analysis of words present in record$d20200826$qUk$c0.9919
=852  4\$cDRT$jDigital Store 10011.p.30.$aBritish Library$bHMNTS
=985  \\$aCorrected by BSS-generated file for WR# 11/048
=985  \\$aCorrected by MS generated file for WR# 1805-0738
=CAT  \\$aBATCH-DCW$b00$c20141210$lBLL01$h0201
=CAT  \\$aWR15_122$c20151024$lBLL01$h1911
=CAT  \\$a1805-0738$c20190104$lBLL01$h1753
=CAT  \\$a1805-0738$b00$c20190104$lBLL01$h1840
=CAT  \\$a8250$b40$c20220902$lBLL01$h1531
=CAT  \\$a8250$b40$c20220902$lBLL01$h1531
=CAT  \\$a8250$b40$c20220902$lBLL01$h1533
=CAT  \\$a9477$b40$c20220926$lBLL01$h1031
=CAT  \\$a9477$b40$c20220926$lBLL01$h1050
=FIN  \\$aY$d20141210
=LEO  \\$aMP1.0002120826
=LKR  \\$aPAR$lBLL01$r776$b002002317$mОчерки Афганистана, Белуджистана и Персіи..$nОчерки Афганистана, Белуджистана и Персіи..
=DGM  \\$a002002317$bCatBridge variable field
=DRT  \\$aGOOGLEBOOKS
=SRC  \\$aGOOGLEBOOKS$bGoogleBooks_20141209
=SRC  \\$aBLS01$bbibmp1.200404.2.ac
=STA  \\$aSUPPRESSED$bOut of scope date
=OHC  \\$a1
=LAS  \\$a9477$b40$c20220926$lBLL01$h1050

