=LDR  01519 am a2200421 a 4500
=001  017015787
=003  Uk
=005  20190205085345.0
=007  cr\mn\024mpada
=008  980120s1899\\\\enk\\\\\sc\\\\000\0\eng\\
=FMT  \\$a  BK
=019  s\$aoams00608
=019  u\$aG10901147
=019  x\$a0514090138
=040  \\$aUk$cUk$dUk
=100  1\$aJames, M. R.$q(Montague Rhodes),$d1862-1936.
=245  12$aA descriptive catalogue of the manuscripts in the library of Peterhouse /$cby Montague Rhodes James ; with an essay on the history of the library by J. W. Clark
=260  \\$aCambridge :$bUniversity Press,$c1899.
=300  \\$axxxii, 389 p. :$bill. ;$c28 cm.
=336  \\$atext$2rdacontent
=337  \\$acomputer$2rdamedia
=338  \\$aonline$2rdacarrier
=610  20$aPeterhouse (University of Cambridge).$bLibrary$vCatalogs.
=700  1\$aClark, John Willis,$d1833-1910.
=856  41$uhttp://books.google.com/books?vid=BL:A0018271976$yGoogle_Books
=859  \\$aXLD$bGOOGLEBOOKS
=852  4\$cDRT$jDigital Store 11912.d.37.$aBritish Library$bHMNTS
=985  \\$aRecord merged by DQ team
=CAT  \\$aBATCH-DCW$b00$c20150118$lBLL01$h0201
=CAT  \\$aWR15_122$c20151024$lBLL01$h1915
=CAT  \\$a10932$b40$c20190205$lBLL01$h0853
=FIN  \\$aY$d20150118
=DGM  \\$a000579453$bCatBridge variable field
=DRT  \\$aGOOGLEBOOKS
=SRC  \\$aGOOGLEBOOKS$bGoogleBooks_20150117
=STA  \\$aSUPPRESSED$bPast copyright date cut off
=OHC  \\$a3
=LAS  \\$a10932$b40$c20190205$lBLL01$h0853

