=LDR  01566 am a22004573  4500
=001  017040688
=003  Uk
=005  20200626185356.0
=007  cr\mn\024mpada
=008  881004s1905\\\\|||\\\\|s\\\\\|||\||eng\\
=FMT  \\$a  BK
=019  x\$a1511690267
=040  \\$aUk$cUk
=100  1\$aHOLMESTED, George Smith
=245  14$aThe Judicature Act of Ontario.
=250  \\$aThird edition.
=264  \1$aToronto :$bCarswell Co,$c1905.
=300  \\$acxxxii, 1764 pages ;$c(8º)
=336  \\$atext$2rdacontent
=337  \\$acomputer$2rdamedia
=338  \\$aonline$2rdacarrier
=700  1\$aLANGTON, Thomas,$cK.C.
=856  41$uhttp://books.google.com/books?vid=BL:A0017715588$yGoogle_Books
=859  \\$aXLD$bGOOGLEBOOKS
=886  2\$2blmarc$a709$b00$aLANGTON$hThomas$fK.C.$p06605.h.13.$x1841250031
=852  4\$cDRT$jDigital Store 06605.h.13.$aBritish Library$bHMNTS
=985  \\$aCorrected by MS generated file for WR# 11/211
=985  \\$aCorrected by MS generated file for WR# 1805-0738
=CAT  \\$aBATCH-DCW$b00$c20150204$lBLL01$h0604
=CAT  \\$aWR15_122$c20151024$lBLL01$h1918
=CAT  \\$a1805-0738$c20190104$lBLL01$h1758
=CAT  \\$a1805-0738$b00$c20190104$lBLL01$h1843
=CAT  \\$a10932$b40$c20190122$lBLL01$h1444
=CAT  \\$aW2001-2376$c20200626$lBLL01$h1853
=FIN  \\$aY$d20150204
=DGM  \\$a001717722$bCatBridge variable field
=DRT  \\$aGOOGLEBOOKS
=SRC  \\$aGOOGLEBOOKS$bGoogleBooks_20150102a_1
=STA  \\$aSUPPRESSED$bStill in copyright
=OHC  \\$a1
=LAS  \\$aW2001-2376$b00$c20200626$lBLL01$h1853

