=LDR  01486 am a22004333  4500
=001  017148422
=003  Uk
=005  20200626190105.0
=007  cr\mn\024mpada
=008  880308|1900||||enk\\\\|s\\\\\|||\||eng\\
=FMT  \\$a  BK
=019  x\$a0654020221
=040  \\$aUk$cUk
=100  1\$aCOLE, Robert William.
=245  14$aThe Struggle for Empire. A story of the year 2236.
=264  \1$aLondon :$bElliot Stock,$c1900.
=300  \\$a213 pages ;$c(8º)
=336  \\$atext$2rdacontent
=337  \\$acomputer$2rdamedia
=338  \\$aonline$2rdacarrier
=859  \\$aXLD$bGOOGLEBOOKS
=856  41$uhttp://books.google.co.uk/books?vid=BL:A0019046089$yGoogle_Books
=852  4\$cDRT$jDigital Store 012641.aa.23.$aBritish Library$bHMNTS
=985  \\$aEnhanced by MS generated file for WR# 12/139
=985  \\$aCorrected by MS generated file for WR# 1805-0738
=CAT  \\$aBATCH-DCW$b00$c20150411$lBLL01$h0202
=CAT  \\$aWR15_122$c20151024$lBLL01$h1930
=CAT  \\$aWR14_057$b00$c20151129$lBLL01$h1956
=CAT  \\$a1805-0738$c20190104$lBLL01$h1805
=CAT  \\$a1805-0738$b00$c20190104$lBLL01$h1847
=CAT  \\$a10932$b40$c20190205$lBLL01$h0852
=CAT  \\$aW2001-2376$c20200626$lBLL01$h1901
=FIN  \\$aY$d20150411
=DGM  \\$a000740742$bCatBridge variable field
=DRT  \\$aGOOGLEBOOKS
=SRC  \\$aGOOGLEBOOKS$bGoogleBooks_20150410
=STA  \\$aSUPPRESSED$bPast copyright date cut off
=OHC  \\$a1
=LAS  \\$aW2001-2376$b00$c20200626$lBLL01$h1901

