=LDR  01988 am a22005173  4500
=001  017151030
=003  Uk
=005  20200626190130.0
=007  cr\mn\024mpada
=008  900207|1947|||||||\\\\|s\\\\\|||\||pol\\
=FMT  \\$a  BK
=019  x\$a2832830226
=040  \\$aUk$cUk$dUk
=100  1\$aLeśmian, Bolesław.
=245  10$aWybór poezyj. Ułożył i wstępem zaopatrzył Leopold Staff.
=264  \1$aWarszawa,$c[1947?]
=300  \\$a166 pages ;$c(4º)
=336  \\$atext$2rdacontent
=337  \\$acomputer$2rdamedia
=338  \\$aonline$2rdacarrier
=700  1\$aSTAFF, Leopold.
=856  41$uhttp://books.google.co.uk/books?vid=BL:A0018977797$yGoogle_Books
=859  \\$aXLD$bGOOGLEBOOKS
=883  0\$aLanguage codes assigned by Bayesian analysis of words present in record$d20181024$qUk$c0.997
=852  4\$aBritish Library$bHMNTS$cDRT$jDigital Store 11585.g.50.
=985  \\$aCorrected by MS generated file for WR# 11/211
=985  \\$aCorrected by MS generated file for WR# 1805-0738
=CAT  \\$aBATCH-DCW$b00$c20150412$lBLL01$h0204
=CAT  \\$a8250$b40$c20150928$lBLL01$h1535
=CAT  \\$a8250$b40$c20150928$lBLL01$h1538
=CAT  \\$a8250$b40$c20150928$lBLL01$h1542
=CAT  \\$a6550$b40$c20151006$lBLL01$h1358
=CAT  \\$aWR15_122$c20151024$lBLL01$h1930
=CAT  \\$a1805-0738$c20190104$lBLL01$h1805
=CAT  \\$a1805-0738$b00$c20190104$lBLL01$h1848
=CAT  \\$aW1903-1550$b00$c20190614$lBLL01$h1856
=CAT  \\$a9477$b40$c20191104$lBLL01$h1213
=CAT  \\$aW2001-2376$c20200626$lBLL01$h1901
=FIN  \\$aY$d20150412
=LKR  \\$aPAR$lBLL01$r776$b002143868$mWybór poezyj. Ułożył i wstępem zaopatrzył Leopold Staff.$nWybór poezyj. Ułożył i wstępem zaopatrzył Leopold Staff.
=DGM  \\$a002143868$bCatBridge variable field
=DRT  \\$aGOOGLEBOOKS
=SRC  \\$aGOOGLEBOOKS$bGoogleBooks_20150411
=STA  \\$aSUPPRESSED$bIn copyright
=OHC  \\$a1
=LAS  \\$aW2001-2376$b00$c20200626$lBLL01$h1901

